
@inproceedings{perez2003poisson,
  title={Poisson image editing},
  author={P{\'e}rez, Patrick and Gangnet, Michel and Blake, Andrew},
  booktitle={ACM Transactions on Graphics (TOG)},
  volume={22},
  number={3},
  pages={313--318},
  year={2003},
  organization={ACM}
}

@article{wu2014sfs,
	title={Real-time Shading-based Refinement for Consumer Depth Cameras},
	author={Wu, Chenglei and Zollh{\"o}fer, Michael and Nie{\ss}ner, Matthias and Stamminger, Marc and Izadi, Shahram and Theobalt, Christian},
	journal = {ACM Transactions on Graphics (TOG)},
	publisher = {ACM},
	volume = {33},
	number = {6},
	year = {2014}
}

@article{zollhoefer2014deformable,
	title={Real-time Non-rigid Reconstruction using an RGB-D Camera},
	author={Zollh{\"o}fer, Michael and Nie{\ss}ner, Matthias and Izadi, Shahram and Rhemann, Christoph and Zach, Christopher and Fisher, Matthew and Wu, Chenglei and Fitzgibbon, Andrew and Loop, Charles and Theobalt, Christian and Stamminger, Marc},
	journal = {ACM Transactions on Graphics (TOG)},
	publisher = {ACM},
	volume = {33},
	number = {4},
	year = {2014}
}

@inproceedings{sorkine2007rigid,
  title={As-rigid-as-possible surface modeling},
  author={Sorkine, Olga and Alexa, Marc},
  booktitle={Symposium on Geometry processing},
  volume={4},
  year={2007}
}

@inproceedings{alexa2000rigid,
  title={As-rigid-as-possible shape interpolation},
  author={Alexa, Marc and Cohen-Or, Daniel and Levin, David},
  booktitle={Proceedings of the 27th annual conference on Computer graphics and interactive techniques},
  pages={157--164},
  year={2000},
  organization={ACM Press/Addison-Wesley Publishing Co.}
}